
@Article{	  and04,
  author	= {M. Andrejczuk and W.-W. Grabowski and S.-P. Malinowski and
		  P.-K. Smolarkiewicz},
  journal	= {Journal of the Atmospheric Sciences},
  pages		= {1726-1739},
  title		= {Numerical Simulation of Cloud-Clear Air Interfacial
		  Mixing},
  volume	= {61},
  year		= {2004}
}

@Article{	  and06,
  author	= {M. Andrejczuk and W.-W. Grabowski and S.-P. Malinowski and
		  P.-K. Smolarkiewicz},
  journal	= {Journal of the Atmospheric Sciences},
  pages		= {3204-3225},
  title		= {Numerical Simulation of Cloud-Clear Air Interfacial
		  Mixing: Effects on Cloud Microphysics},
  volume	= {63},
  year		= {2006}
}

@Article{	  and09,
  author	= {M. Andrejczuk and W.-W. Grabowski and S.-P. Malinowski and
		  P.-K. Smolarkiewicz},
  journal	= {Journal of the Atmospheric Sciences},
  pages		= {2493-2500},
  title		= {Numerical Simulation of Cloud-Clear Air Interfaical
		  Mixing: Homogeneous versus Inhomogeneous Mixing},
  volume	= {66},
  year		= {2009}
}

@InBook{	  anderson1985fundamentals,
  title		= {Fundamentals of Aerodynamics},
  author	= {Anderson Jr, John David},
  year		= {1985},
  publisher	= {McGraw-Hill Education},
  address	= {New York},
  chapter	= {1},
  pages		= {75--81},
  edition	= {5th}
}

@Article{	  andrejczuk2004,
  author	= {M. Andrejczuk and W.-W. Grabowski and S.-P. Malinowski and
		  P.-K. Smolarkiewicz},
  journal	= {Journal of the Atmospheric Sciences},
  pages		= {1726-1739},
  title		= {Numerical Simulation of Cloud-Clear Air Interfacial
		  Mixing},
  volume	= {61},
  year		= {2004}
}

###Article{	  andrejczuk2004,
  author	= {M. Andrejczuk and W.-W. Grabowski and S.-P. Malinowski and
		  P.-K. Smolarkiewicz},
  journal	= {Journal of the Atmospheric Sciences},
  pages		= {1726-1739},
  title		= {Numerical Simulation of Cloud-Clear Air Interfacial
		  Mixing},
  volume	= {61},
  year		= {2004}
}

@Article{	  andrejczuk2006,
  doi		= {10.1175/jas3813.1},
  url		= {https://doi.org/10.1175%2Fjas3813.1},
  year		= 2006,
  month		= {dec},
  publisher	= {American Meteorological Society},
  volume	= {63},
  number	= {12},
  pages		= {3204--3225},
  author	= {Miroslaw Andrejczuk and Wojciech W. Grabowski and Szymon
		  P. Malinowski and Piotr K. Smolarkiewicz},
  title		= {Numerical Simulation of Cloud{\textendash}Clear Air
		  Interfacial Mixing: Effects on Cloud Microphysics},
  journal	= {Journal of the Atmospheric Sciences}
}

@Article{	  andrejczuk2009,
  doi		= {10.1175/2009jas2956.1},
  url		= {https://doi.org/10.1175%2F2009jas2956.1},
  year		= 2009,
  month		= {aug},
  publisher	= {American Meteorological Society},
  volume	= {66},
  number	= {8},
  pages		= {2493--2500},
  author	= {Miroslaw Andrejczuk and Wojciech W. Grabowski and Szymon
		  P. Malinowski and Piotr K. Smolarkiewicz},
  title		= {Numerical Simulation of Cloud{\textendash}Clear Air
		  Interfacial Mixing: Homogeneous versus Inhomogeneous
		  Mixing},
  journal	= {Journal of the Atmospheric Sciences}
}

###Article{	  andrejczuk2009,
  doi		= {10.1175/2009jas2956.1},
  url		= {https://doi.org/10.1175%2F2009jas2956.1},
  year		= 2009,
  month		= {aug},
  publisher	= {American Meteorological Society},
  volume	= {66},
  number	= {8},
  pages		= {2493--2500},
  author	= {Miroslaw Andrejczuk and Wojciech W. Grabowski and Szymon
		  P. Malinowski and Piotr K. Smolarkiewicz},
  title		= {Numerical Simulation of Cloud{\textendash}Clear Air
		  Interfacial Mixing: Homogeneous versus Inhomogeneous
		  Mixing},
  journal	= {Journal of the Atmospheric Sciences}
}

@Article{	  baker1979,
  title		= {The evolution of droplet spectra and the rate of
		  production of embryonic raindrops in small cumulus clouds},
  author	= {Baker, MB and Latham, J},
  journal	= {Journal of the Atmospheric Sciences},
  volume	= {36},
  number	= {8},
  pages		= {1612--1615},
  year		= {1979}
}

@Article{	  baker1980,
  title		= {The influence of entrainment on the evolution of cloud
		  droplet spectra: I. A model of inhomogeneous mixing},
  author	= {Baker, MB and Corbin, RG and Latham, J},
  journal	= {Quarterly Journal of the Royal Meteorological Society},
  volume	= {106},
  number	= {449},
  pages		= {581--598},
  year		= {1980},
  publisher	= {Wiley Online Library}
}

###Article{	  baker1980,
  doi		= {10.1002/qj.49710644914},
  url		= {https://doi.org/10.1002%2Fqj.49710644914},
  year		= 1980,
  month		= {jul},
  publisher	= {Wiley-Blackwell},
  volume	= {106},
  number	= {449},
  pages		= {581--598},
  author	= {M. B. Baker and R. G. Corbin and J. Latham},
  title		= {The influence of entrainment on the evolution of cloud
		  droplet spectra: I. A model of inhomogeneous mixing},
  journal	= {Quarterly Journal of the Royal Meteorological Society}
}

@Article{	  baker1984effects,
  title		= {The effects of turbulent mixing in clouds},
  author	= {Baker, MB and Breidenthal, RE and Choularton, TW and
		  Latham, J},
  journal	= {Journal of the atmospheric sciences},
  volume	= {41},
  number	= {2},
  pages		= {299--304},
  year		= {1984}
}

@InProceedings{	  baldwin1978thin,
  title		= {Thin-layer approximation and algebraic model for separated
		  turbulentflows},
  author	= {Baldwin, Barrett and Lomax, Harvard},
  booktitle	= {16th Aerospace Sciences Meeting},
  pages		= {257},
  year		= {1978}
}

@InProceedings{	  baraff1998large,
  doi		= {10.1145/280814.280821},
  url		= {https://doi.org/10.1145%2F280814.280821},
  year		= 1998,
  publisher	= {Association for Computing Machinery ({ACM})},
  author	= {David Baraff and Andrew Witkin},
  title		= {Large steps in cloth simulation},
  booktitle	= {Proceedings of the 25th annual conference on Computer
		  graphics and interactive techniques}
}

@Book{		  blazek2015computational,
  title		= {Computational fluid dynamics: principles and
		  applications},
  author	= {Blazek, Jiri},
  year		= {2015},
  publisher	= {Butterworth-Heinemann}
}

@Article{	  blickhan1989spring,
  title		= {The spring-mass model for running and hopping},
  author	= {Blickhan, Reinhard},
  journal	= {Journal of biomechanics},
  volume	= {22},
  number	= {11-12},
  pages		= {1217--1227},
  year		= {1989},
  publisher	= {Elsevier}
}

@Article{	  bofixgli07,
  author	= "W. Bo and B. Fix and J. Glimm and X. Li and X. Liu and R.
		  Samulyak and L. Wu",
  title		= "FronTier and Applications to Scientific and Engineering
		  Problems",
  journal	= "Proceedings in Applied Mathematics and Mechanics",
  volume	= "",
  pages		= "",
  year		= "2007"
}

@Article{	  brenguier1993,
  title		= {Observations of cloud microstructure at the centimeter
		  scale},
  author	= {Brenguier, Jean-Louis},
  journal	= {Journal of Applied Meteorology},
  volume	= {32},
  number	= {4},
  pages		= {783--793},
  year		= {1993}
}

###Article{	  brenguier1993,
  title		= {Observations of cloud microstructure at the centimeter
		  scale},
  author	= {Brenguier, Jean-Louis},
  journal	= {Journal of Applied Meteorology},
  volume	= {32},
  number	= {4},
  pages		= {783--793},
  year		= {1993}
}

@InProceedings{	  bridson2005robust,
  doi		= {10.1145/1198555.1198572},
  url		= {http://dx.doi.org/10.1145/1198555.1198572},
  year		= 2005,
  publisher	= {Association for Computing Machinery ({ACM})},
  author	= {Robert Bridson and Ronald Fedkiw and John Anderson},
  title		= {Robust treatment of collisions, contact and friction for
		  cloth animation},
  booktitle	= {{ACM} {SIGGRAPH} 2005}
}

@Article{	  bridsonrobust2002,
  doi		= {10.1145/566654.566623},
  url		= {https://doi.org/10.1145%2F566654.566623},
  year		= 2002,
  month		= {jul},
  publisher	= {Association for Computing Machinery ({ACM})},
  volume	= {21},
  number	= {3},
  author	= {Robert Bridson and Ronald Fedkiw and John Anderson},
  title		= {Robust treatment of collisions, contact and friction for
		  cloth animation},
  journal	= {{ACM} Transactions on Graphics}
}

@Article{	  brown2001,
  doi		= {10.1006/jcph.2001.6715},
  url		= {http://dx.doi.org/10.1006/jcph.2001.6715},
  year		= 2001,
  month		= {apr},
  publisher	= {Elsevier {BV}},
  volume	= {168},
  number	= {2},
  pages		= {464--499},
  author	= {David L. Brown and Ricardo Cortez and Michael L. Minion},
  title		= {Accurate Projection Methods for the Incompressible
		  Navier{\textendash}Stokes Equations},
  journal	= {Journal of Computational Physics}
}

###Article{	  brown2001,
  doi		= {10.1006/jcph.2001.6715},
  url		= {http://dx.doi.org/10.1006/jcph.2001.6715},
  year		= 2001,
  month		= {apr},
  publisher	= {Elsevier {BV}},
  volume	= {168},
  number	= {2},
  pages		= {464--499},
  author	= {David L. Brown and Ricardo Cortez and Michael L. Minion},
  title		= {Accurate Projection Methods for the Incompressible
		  Navier{\textendash}Stokes Equations},
  journal	= {Journal of Computational Physics}
}

@Article{	  brown2001accurate,
  doi		= {10.1006/jcph.2001.6715},
  url		= {https://doi.org/10.1006%2Fjcph.2001.6715},
  year		= 2001,
  month		= {apr},
  publisher	= {Elsevier {BV}},
  volume	= {168},
  number	= {2},
  pages		= {464--499},
  author	= {David L. Brown and Ricardo Cortez and Michael L. Minion},
  title		= {Accurate Projection Methods for the Incompressible
		  Navier{\textendash}Stokes Equations},
  journal	= {Journal of Computational Physics}
}

@Article{	  brugnano1998boundary,
  doi		= {10.1016/s0898-1221(98)80028-x},
  url		= {https://doi.org/10.1016%2Fs0898-1221%2898%2980028-x},
  year		= 1998,
  month		= {nov},
  publisher	= {Elsevier {BV}},
  volume	= {36},
  number	= {10-12},
  pages		= {269--284},
  author	= {L. Brugnano and D. Trigiante},
  title		= {Boundary value methods: The third way between linear
		  multistep and Runge-Kutta methods},
  journal	= {Computers {\&} Mathematics with Applications}
}

@Article{	  burnet1992,
  title		= {Prediction of normal-tissue tolerance to radiotherapy from
		  in-vitro cellular radiation sensitivity},
  author	= {Burnet, NG and Wurm, R and Yarnold, JR and Peacock, JH and
		  Nyman, J and Turesson, I},
  journal	= {The Lancet},
  volume	= {339},
  number	= {8809},
  pages		= {1570--1571},
  year		= {1992},
  publisher	= {Elsevier}
}

@Article{	  burnet2007observational,
  doi		= {10.1175/jas3928.1},
  url		= {https://doi.org/10.1175%2Fjas3928.1},
  year		= 2007,
  month		= {jun},
  publisher	= {American Meteorological Society},
  volume	= {64},
  number	= {6},
  pages		= {1995--2011},
  author	= {Fr{\'{e}}d{\'{e}}ric Burnet and Jean-Louis Brenguier},
  title		= {Observational Study of the Entrainment-Mixing Process in
		  Warm Convective Clouds},
  journal	= {Journal of the Atmospheric Sciences}
}

###Article{	  burnet2007observational,
  doi		= {10.1175/jas3928.1},
  url		= {https://doi.org/10.1175%2Fjas3928.1},
  year		= 2007,
  month		= {jun},
  publisher	= {American Meteorological Society},
  volume	= {64},
  number	= {6},
  pages		= {1995--2011},
  author	= {Fr{\'{e}}d{\'{e}}ric Burnet and Jean-Louis Brenguier},
  title		= {Observational Study of the Entrainment-Mixing Process in
		  Warm Convective Clouds},
  journal	= {Journal of the Atmospheric Sciences}
}

@Book{		  butcher2003numerical,
  doi		= {10.1002/0470868279},
  url		= {https://doi.org/10.1002%2F0470868279},
  year		= 2003,
  month		= {jun},
  publisher	= {Wiley-Blackwell},
  author	= {J.C. Butcher},
  title		= {Numerical Methods for Ordinary Differential Equations}
}

@Article{	  caiazzo2011,
  doi		= {10.1137/100788124},
  title		= {Projection Schemes for Fluid Flows through a Porous
		  Interface},
  author	= {Caiazzo, Alfonso and Fern{\'a}ndez, Miguel A and Gerbeau,
		  Jean-Fr{\'e}d{\'e}ric and Martin, Vincent},
  journal	= {Society for Industrial {\&} Applied Mathematics Journal on
		  Scientific Computing},
  volume	= {33},
  number	= {2},
  pages		= {541--564},
  year		= {2011},
  month		= {Jan},
  publisher	= {Society for Industrial {\&} Applied Mathematics}
}

@InProceedings{	  caramana1999construction,
  doi		= {10.2514/6.1999-3818},
  url		= {http://dx.doi.org/10.2514/6.1999-3818},
  year		= 1999,
  month		= {jun},
  publisher	= {American Institute of Aeronautics and Astronautics
		  ({AIAA})},
  author	= {E. Caramana and D. Burton and C. Rousculp and M. Shashkov
		  and P. Whalen},
  title		= {The construction of compatible hydrodynamics algorithms in
		  multiple dimensions utilizing conservation of total
		  energy},
  booktitle	= {30th Fluid Dynamics Conference}
}

@Article{	  carati1995representation,
  doi		= {10.1063/1.868585},
  url		= {https://doi.org/10.1063%2F1.868585},
  year		= 1995,
  month		= {mar},
  publisher	= {{AIP} Publishing},
  volume	= {7},
  number	= {3},
  pages		= {606--616},
  author	= {Daniele Carati and Sandip Ghosal and Parviz Moin},
  title		= {On the representation of backscatter in dynamic
		  localization models},
  journal	= {Physics of Fluids}
}

@Article{	  carignan1992,
  doi		= {10.1145/142920.134017},
  url		= {https://doi.org/10.1145%2F142920.134017},
  year		= 1992,
  month		= {jul},
  publisher	= {Association for Computing Machinery ({ACM})},
  volume	= {26},
  number	= {2},
  pages		= {99--104},
  author	= {Michel Carignan and Ying Yang and Nadia Magnenat Thalmann
		  and Daniel Thalmann},
  title		= {Dressing animated synthetic actors with complex deformable
		  clothes},
  journal	= {{ACM} {SIGGRAPH} Computer Graphics}
}

@Article{	  celani05,
  author	= {A. Celani and G. Falkovich and A. Mazzino and Seminara},
  journal	= {Europhysics Letters},
  number	= {6},
  pages		= {775-781},
  title		= {Droplet Condensation in Turbulence Flows},
  volume	= {70},
  year		= {2005}
}

###Article{	  celani05,
  author	= {A. Celani and G. Falkovich and A. Mazzino and Seminara},
  journal	= {Europhysics Letters},
  number	= {6},
  pages		= {775-781},
  title		= {Droplet Condensation in Turbulence Flows},
  volume	= {70},
  year		= {2005}
}

@InCollection{	  cgal_triangulation,
  author	= "Susan Hert and Michael Seel",
  title		= "{dD} Convex Hulls and Delaunay Triangulations",
  publisher	= "{CGAL Editorial Board}",
  edition	= "{4.9}",
  booktitle	= "{CGAL} User and Reference Manual",
  url		= "http://doc.cgal.org/4.9/Manual/packages.html#PkgConvexHullDSummary",
  year		= 2016
}

@Article{	  chasnov1991simulation,
  doi		= {10.1063/1.857878},
  url		= {https://doi.org/10.1063%2F1.857878},
  year		= 1991,
  month		= {jan},
  publisher	= {{AIP} Publishing},
  volume	= {3},
  number	= {1},
  pages		= {188--200},
  author	= {Jeffrey R. Chasnov},
  title		= {Simulation of the Kolmogorov inertial subrange using an
		  improved subgrid model},
  journal	= {Physics of Fluids A: Fluid Dynamics}
}

@Article{	  choi2005research,
  title		= {Research problems in clothing simulation},
  author	= {Choi, Kwang-Jin and Ko, Hyeong-Seok},
  journal	= {Computer-aided design},
  volume	= {37},
  number	= {6},
  pages		= {585--592},
  year		= {2005},
  publisher	= {Elsevier}
}

@InProceedings{	  choi2005stable,
  doi		= {10.1145/1198555.1198571},
  url		= {https://doi.org/10.1145%2F1198555.1198571},
  year		= 2005,
  publisher	= {Association for Computing Machinery ({ACM})},
  author	= {Kwang-Jin Choi and Hyeong-Seok Ko},
  title		= {Stable but responsive cloth},
  booktitle	= {{ACM} {SIGGRAPH} 2005 Courses}
}

@Article{	  chorin1968numerical,
  doi		= {10.2307/2004575},
  url		= {https://doi.org/10.2307%2F2004575},
  year		= 1968,
  month		= {oct},
  publisher	= {{JSTOR}},
  volume	= {22},
  number	= {104},
  pages		= {745},
  author	= {Alexandre Joel Chorin},
  title		= {Numerical Solution of the Navier-Stokes Equations},
  journal	= {Mathematics of Computation}
}

@Article{	  chosson2007,
  title		= {Entrainment-mixing and radiative transfer simulation in
		  boundary layer clouds},
  author	= {Chosson, Fr{\'e}d{\'e}rick and Brenguier, Jean-Louis and
		  Sch{\"u}ller, Lothar},
  journal	= {Journal of the atmospheric sciences},
  volume	= {64},
  number	= {7},
  pages		= {2670--2682},
  year		= {2007}
}

@Article{	  chunsong11,
  author	= {C. Lu and Y. Liu and S. Niu},
  journal	= {Journal of Geophysical Research},
  pages		= {D20207},
  title		= {Examination of Turbulent Entrainment-Mixing Mechanisms
		  Using a combined Approach},
  volume	= {116},
  year		= {2011}
}

###Article{	  chunsong11,
  author	= {C. Lu and Y. Liu and S. Niu},
  journal	= {Journal of Geophysical Research},
  pages		= {D20207},
  title		= {Examination of Turbulent Entrainment-Mixing Mechanisms
		  Using a combined Approach},
  volume	= {116},
  year		= {2011}
}

@Article{	  chunsong13,
  author	= {C. Lu and Y. Liu and S. Krueger and T. Wagner},
  journal	= {Journal of Geophysical Research: Atmospheres},
  pages		= {185-194},
  title		= {Exploring Parameterization for Turbulent
		  Entrainment-Mixing Process in Clouds},
  volume	= {118},
  year		= {2013}
}

###Article{	  chunsong13,
  author	= {C. Lu and Y. Liu and S. Krueger and T. Wagner},
  journal	= {Journal of Geophysical Research: Atmospheres},
  pages		= {185-194},
  title		= {Exploring Parameterization for Turbulent
		  Entrainment-Mixing Process in Clouds},
  volume	= {118},
  year		= {2013}
}

@Article{	  cortez1997dynamics,
  title		= {The dynamics of an elastic membrane using the impulse
		  method},
  author	= {Cortez, R and Varela, DA},
  journal	= {Journal of Computational Physics},
  volume	= {138},
  number	= {1},
  pages		= {224--247},
  year		= {1997},
  publisher	= {Elsevier}
}

@InProceedings{	  crank1947practical,
  title		= {A practical method for numerical evaluation of solutions
		  of partial differential equations of the heat-conduction
		  type},
  author	= {Crank, John and Nicolson, Phyllis},
  booktitle	= {Mathematical Proceedings of the Cambridge Philosophical
		  Society},
  volume	= {43},
  number	= {01},
  pages		= {50--67},
  year		= {1947},
  organization	= {Cambridge Univ Press}
}

@Article{	  dahlquist1956,
  doi		= {10.7146/math.scand.a-10454},
  url		= {https://doi.org/10.7146%2Fmath.scand.a-10454},
  year		= 1956,
  month		= {dec},
  publisher	= {Aarhus University Library},
  volume	= {4},
  pages		= {33},
  author	= {Germund Dahlquist},
  title		= {Convergence and stability in the numerical integration of
		  ordinary differential equations},
  journal	= {{MATHEMATICA} {SCANDINAVICA}}
}

@Article{	  dahlquist1963,
  doi		= {10.1007/bf01963532},
  url		= {https://doi.org/10.1007%2Fbf01963532},
  year		= 1963,
  month		= {mar},
  publisher	= {Springer Nature},
  volume	= {3},
  number	= {1},
  pages		= {27--43},
  author	= {Germund G. Dahlquist},
  title		= {A special stability problem for linear multistep methods},
  journal	= {{BIT}}
}

@Article{	  delingette2008triangular,
  doi		= {10.1109/tvcg.2007.70431},
  url		= {https://doi.org/10.1109%2Ftvcg.2007.70431},
  year		= 2008,
  month		= {mar},
  publisher	= {Institute of Electrical and Electronics Engineers
		  ({IEEE})},
  volume	= {14},
  number	= {2},
  pages		= {329--341},
  author	= {H. Delingette},
  title		= {Triangular Springs for Modeling Nonlinear Membranes},
  journal	= {{IEEE} Transactions on Visualization and Computer
		  Graphics}
}

@InProceedings{	  demaine1999folding,
  title		= {Folding flat silhouettes and wrapping polyhedral packages:
		  New results in computational origami},
  author	= {Demaine, Erik D and Demaine, Martin L and Mitchell, Joseph
		  SB},
  booktitle	= {Proceedings of the fifteenth annual symposium on
		  Computational geometry},
  pages		= {105--114},
  year		= {1999},
  organization	= {ACM}
}

@Article{	  devenish2012,
  title		= {Droplet growth in warm turbulent clouds},
  author	= {Devenish, BJ and Bartello, P and Brenguier, J-L and
		  Collins, LR and Grabowski, WW and IJzermans, RHA and
		  Malinowski, SP and Reeks, MW and Vassilicos, JC and Wang,
		  L-P and others},
  journal	= {Quarterly Journal of the Royal Meteorological Society},
  volume	= {138},
  number	= {667},
  pages		= {1401--1429},
  year		= {2012},
  publisher	= {Wiley Online Library}
}

@Article{	  dufixgli05,
  doi		= {10.1016/j.jcp.2005.08.034},
  author	= "Jian Du and Brian Fix and James Glimm and Xicheng Jia and
		  Xiaolin Li and Yunhua Li and Lingling Wu",
  title		= "A Simple Package for Front Tracking",
  journal	= "Journal of Computational Physics",
  volume	= "213",
  number	= "2",
  pages		= "613--628",
  year		= "2006",
  month		= "Apr",
  publisher	= "Elsevier"
}

@Article{	  eaton1994,
  doi		= {10.1016/0301-9322(94)90072-8},
  url		= {https://doi.org/10.1016%2F0301-9322%2894%2990072-8},
  year		= 1994,
  month		= {aug},
  publisher	= {Elsevier {BV}},
  volume	= {20},
  pages		= {169--209},
  author	= {J.K. Eaton and J.R. Fessler},
  title		= {Preferential concentration of particles by turbulence},
  journal	= {International Journal of Multiphase Flow}
}

@Article{	  eaton94,
  author	= {J. K. Eaton and J. R. Fessler},
  journal	= {International Journal of Multiphase Flow},
  number	= {Supplement 1},
  pages		= {169-209},
  title		= {Preferential concentration of particles by turbulence},
  volume	= {20},
  year		= {1994}
}

@Article{	  eswaran1988,
  doi		= {10.1016/0045-7930(88)90013-8},
  url		= {https://doi.org/10.1016%2F0045-7930%2888%2990013-8},
  year		= 1988,
  month		= {jan},
  publisher	= {Elsevier {BV}},
  volume	= {16},
  number	= {3},
  pages		= {257--278},
  author	= {V. Eswaran and S.B. Pope},
  title		= {An examination of forcing in direct numerical simulations
		  of turbulence},
  journal	= {Computers {\&} Fluids}
}

@TechReport{	  ewing1978recovery,
  title		= {Recovery Systems Design Guide},
  author	= {Ewing, EG and Bixby, HW and Knacke, TW},
  year		= {1978},
  pages		= {287--288},
  month		= {Dec},
  institution	= {Defense Technical Information Center Document}
}

@Article{	  fedkiw1999,
  doi		= {10.1006/jcph.1999.6236},
  month		= {Jul},
  title		= {A Non-oscillatory Eulerian Approach to Interfaces in
		  Multimaterial Flows (the Ghost Fluid Method)},
  author	= {Fedkiw, Ronald P and Aslam, Tariq and Merriman, Barry and
		  Osher, Stanley},
  journal	= {Journal of computational physics},
  volume	= {152},
  number	= {2},
  pages		= {457--492},
  year		= {1999},
  publisher	= {Elsevier}
}

@Book{		  feng2013mathematical,
  title		= {Mathematical theory of elastic structures},
  author	= {Feng, Kang and Shi, Zhong-Ci},
  year		= {2013},
  publisher	= {Springer Science \& Business Media}
}

@Article{	  gelderapproximate1998,
  doi		= {10.1080/10867651.1998.10487490},
  url		= {https://doi.org/10.1080%2F10867651.1998.10487490},
  year		= 1998,
  month		= {jan},
  publisher	= {Informa {UK} Limited},
  volume	= {3},
  number	= {2},
  pages		= {21--41},
  author	= {Allen Van Gelder},
  title		= {Approximate Simulation of Elastic Membranes by
		  Triangulated Spring Meshes},
  journal	= {Journal of Graphics Tools}
}

@Article{	  ghosal1995dynamic,
  doi		= {10.1017/s0022112095000711},
  url		= {https://doi.org/10.1017%2Fs0022112095000711},
  year		= 1995,
  month		= {mar},
  publisher	= {Cambridge University Press ({CUP})},
  volume	= {286},
  number	= {-1},
  pages		= {229},
  author	= {Sandip Ghosal and Thomas S. Lund and Parviz Moin and Knut
		  Akselvoll},
  title		= {A dynamic localization model for large-eddy simulation of
		  turbulent flows},
  journal	= {Journal of Fluid Mechanics}
}

@Article{	  gligroli98,
  doi		= {10.1137/S1064827595293600},
  title		= {Three-dimensional Front Tracking},
  author	= {Glimm, James and Grove, John W and Li, Xiao Lin and Shyue,
		  Kehming and Zeng, Yanni and Zhang, Qiang},
  journal	= {SIAM Journal on Scientific Computing},
  volume	= {19},
  number	= {3},
  pages		= {703--727},
  year		= {1998},
  month		= {May},
  publisher	= {SIAM}
}

@Article{	  glimm1998three,
  title		= {Three-dimensional front tracking},
  author	= {Glimm, James and Grove, John W and Li, Xiao Lin and Shyue,
		  Keh-ming and Zeng, Yanni and Zhang, Qiang},
  journal	= {SIAM Journal on Scientific Computing},
  volume	= {19},
  number	= {3},
  pages		= {703--727},
  year		= {1998},
  publisher	= {SIAM}
}

@Article{	  grabowski1990monotone,
  title		= {Monotone finite-difference approximations to the
		  advection-condensation problem},
  author	= {Grabowski, Wojciech W and Smolarkiewicz, Piotr K},
  journal	= {Monthly Weather Review},
  volume	= {118},
  number	= {10},
  pages		= {2082--2098},
  year		= {1990}
}

@Article{	  grabowski1993cumulus,
  doi		= {10.1002/qj.49711951305},
  url		= {https://doi.org/10.1002%2Fqj.49711951305},
  year		= 1993,
  month		= {jul},
  publisher	= {Wiley-Blackwell},
  volume	= {119},
  number	= {513},
  pages		= {935--956},
  author	= {Wojciech W. Grabowski},
  title		= {Cumulus entrainment, fine-scale mixing, and buoyancy
		  reversal},
  journal	= {Quarterly Journal of the Royal Meteorological Society}
}

###Article{	  grabowski1993cumulus,
  doi		= {10.1002/qj.49711951305},
  url		= {https://doi.org/10.1002%2Fqj.49711951305},
  year		= 1993,
  month		= {jul},
  publisher	= {Wiley-Blackwell},
  volume	= {119},
  number	= {513},
  pages		= {935--956},
  author	= {Wojciech W. Grabowski},
  title		= {Cumulus entrainment, fine-scale mixing, and buoyancy
		  reversal},
  journal	= {Quarterly Journal of the Royal Meteorological Society}
}

@Article{	  grabowski1999comments,
  title		= {Comments on “preferential concentration of cloud
		  droplets by turbulence: effects on the early evolution of
		  cumulus cloud droplet spectra”},
  author	= {Grabowski, Wojciech W and Vaillancourt, Paul},
  journal	= {Journal of the atmospheric sciences},
  volume	= {56},
  number	= {10},
  pages		= {1433--1436},
  year		= {1999}
}

###Article{	  grabowski1999comments,
  title		= {Comments on “preferential concentration of cloud
		  droplets by turbulence: effects on the early evolution of
		  cumulus cloud droplet spectra”},
  author	= {Grabowski, Wojciech W and Vaillancourt, Paul},
  journal	= {Journal of the atmospheric sciences},
  volume	= {56},
  number	= {10},
  pages		= {1433--1436},
  year		= {1999}
}

@Article{	  grabowski2006,
  title		= {Daytime convective development over land: A model
		  intercomparison based on LBA observations},
  author	= {Grabowski, WW and Bechtold, P and Cheng, A and Forbes, R
		  and Halliwell, C and Khairoutdinov, M and Lang, S and
		  Nasuno, T and Petch, J and Tao, W-K and others},
  journal	= {Quarterly Journal of the Royal Meteorological Society},
  volume	= {132},
  number	= {615},
  pages		= {317--344},
  year		= {2006},
  publisher	= {Wiley Online Library}
}

@Article{	  grabowski2007,
  doi		= {10.1175/jas4047.1},
  url		= {https://doi.org/10.1175%2Fjas4047.1},
  year		= 2007,
  month		= {oct},
  publisher	= {American Meteorological Society},
  volume	= {64},
  number	= {10},
  pages		= {3666--3680},
  author	= {Wojciech W. Grabowski},
  title		= {Representation of Turbulent Mixing and Buoyancy Reversal
		  in Bulk Cloud Models},
  journal	= {Journal of the Atmospheric Sciences}
}

@Article{	  grabowskiwang2013,
  title		= {Growth of cloud droplets in a turbulent environment},
  author	= {Grabowski, Wojciech W and Wang, Lian-Ping},
  journal	= {Annual Review of Fluid Mechanics},
  volume	= {45},
  pages		= {293--324},
  year		= {2013},
  publisher	= {Annual Reviews}
}

@Article{	  guermond2006overview,
  doi		= {10.1016/j.cma.2005.10.010},
  url		= {https://doi.org/10.1016%2Fj.cma.2005.10.010},
  year		= 2006,
  month		= {sep},
  publisher	= {Elsevier {BV}},
  volume	= {195},
  number	= {44-47},
  pages		= {6011--6045},
  author	= {J.L. Guermond and P. Minev and Jie Shen},
  title		= {An overview of projection methods for incompressible
		  flows},
  journal	= {Computer Methods in Applied Mechanics and Engineering}
}

@Book{		  hairer1991solving,
  isbn		= {978-3-540-60452-5},
  year		= 1991,
  publisher	= {Springer Verlag},
  author	= {Wanner. Gerhard and Hairer. Ernst},
  title		= {Solving ordinary differential equations II: stiff and
		  differential-algebraic problems}
}

@Article{	  harten1983high,
  title		= {High resolution schemes for hyperbolic conservation laws},
  author	= {Harten, Ami},
  journal	= {Journal of computational physics},
  volume	= {49},
  number	= {3},
  pages		= {357--393},
  year		= {1983},
  publisher	= {Elsevier}
}

@Article{	  hayashi2013jfold,
  title		= {JFOLD-Introducing A new Simulation-Based Airbag Folding
		  System for LS-DYNA},
  author	= {Shinya Hayashi},
  year		= {2013}
}

@Article{	  hayashi2014jfold,
  title		= {Simulation-Based Airbag Folding System JFOLD Version 2:
		  New Capabilities and Folding Examples},
  author	= {Shinya Hayashi, Richard Taylor},
  year		= {2014}
}

@Article{	  hicks1990,
  title		= {Entrainment and mixing processes as related to droplet
		  growth in warm midlatitude and tropical clouds},
  author	= {Hicks, E and Pontikis, C and Rigaud, A},
  journal	= {Journal of the atmospheric sciences},
  volume	= {47},
  number	= {13},
  pages		= {1589--1618},
  year		= {1990}
}

@Article{	  howell1949,
  title		= {The growth of cloud drops in uniformly cooled air},
  author	= {Howell, Wallace E},
  journal	= {Journal of Meteorology},
  volume	= {6},
  number	= {2},
  pages		= {134--149},
  year		= {1949}
}

@Article{	  hudsonyum1997,
  title		= {Droplet spectral broadening in marine stratus},
  author	= {Hudson, James G and Yum, Seong Soo},
  journal	= {Journal of the atmospheric sciences},
  volume	= {54},
  number	= {22},
  pages		= {2642--2654},
  year		= {1997}
}

@InProceedings{	  hull2002mathematical,
  title		= {A mathematical model for non-flat origami},
  author	= {Belcastro, Sarah-Marie and Hull, Thomas C}
}

@InCollection{	  hypre_cite,
  url		= {http://dx.doi.org/10.1007/3-540-47789-6_66},
  year		= 2002,
  publisher	= {Springer Science and Business Media},
  pages		= {632--641},
  author	= {Robert D. Falgout and Ulrike Meier Yang},
  title		= {hypre: A Library of High Performance Preconditioners},
  booktitle	= {Lecture Notes in Computer Science}
}

###InCollection{  hypre_cite,
  url		= {http://dx.doi.org/10.1007/3-540-47789-6_66},
  year		= 2002,
  publisher	= {Springer Science and Business Media},
  pages		= {632--641},
  author	= {Robert D. Falgout and Ulrike Meier Yang},
  title		= {hypre: A Library of High Performance Preconditioners},
  booktitle	= {Lecture Notes in Computer Science}
}

@Article{	  jarecka2009,
  doi		= {10.1175/2009jas2929.1},
  url		= {http://dx.doi.org/10.1175/2009jas2929.1},
  year		= 2009,
  month		= {jul},
  publisher	= {American Meteorological Society},
  volume	= {66},
  number	= {7},
  pages		= {2125--2133},
  author	= {Dorota Jarecka and Wojciech W. Grabowski and Hanna
		  Pawlowska},
  title		= {Modeling of Subgrid-Scale Mixing in Large-Eddy Simulation
		  of Shallow Convection},
  journal	= {J. Atmos. Sci.}
}

###Article{	  jarecka2009,
  doi		= {10.1175/2009jas2929.1},
  url		= {http://dx.doi.org/10.1175/2009jas2929.1},
  year		= 2009,
  month		= {jul},
  publisher	= {American Meteorological Society},
  volume	= {66},
  number	= {7},
  pages		= {2125--2133},
  author	= {Dorota Jarecka and Wojciech W. Grabowski and Hanna
		  Pawlowska},
  title		= {Modeling of Subgrid-Scale Mixing in Large-Eddy Simulation
		  of Shallow Convection},
  journal	= {J. Atmos. Sci.}
}

@Article{	  jarecka2013,
  doi		= {10.1175/jas-d-13-042.1},
  url		= {http://dx.doi.org/10.1175/jas-d-13-042.1},
  year		= 2013,
  month		= {sep},
  publisher	= {American Meteorological Society},
  volume	= {70},
  number	= {9},
  pages		= {2751--2767},
  author	= {Dorota Jarecka and Wojciech W. Grabowski and Hugh Morrison
		  and Hanna Pawlowska},
  title		= {Homogeneity of the Subgrid-Scale Turbulent Mixing in
		  Large-Eddy Simulation of Shallow Convection},
  journal	= {J. Atmos. Sci.}
}

###Article{	  jarecka2013,
  doi		= {10.1175/jas-d-13-042.1},
  url		= {http://dx.doi.org/10.1175/jas-d-13-042.1},
  year		= 2013,
  month		= {sep},
  publisher	= {American Meteorological Society},
  volume	= {70},
  number	= {9},
  pages		= {2751--2767},
  author	= {Dorota Jarecka and Wojciech W. Grabowski and Hugh Morrison
		  and Hanna Pawlowska},
  title		= {Homogeneity of the Subgrid-Scale Turbulent Mixing in
		  Large-Eddy Simulation of Shallow Convection},
  journal	= {J. Atmos. Sci.}
}

@Article{	  jensen1989,
  title		= {A simple model of droplet spectral evolution during
		  turbulent mixing},
  author	= {Jensen, J{\o}rgen B and Baker, Marcia B},
  journal	= {Journal of the atmospheric sciences},
  volume	= {46},
  number	= {18},
  pages		= {2812--2829},
  year		= {1989}
}

@Article{	  jiang1996efficient,
  doi		= {10.1006/jcph.1996.0130},
  url		= {https://doi.org/10.1006%2Fjcph.1996.0130},
  year		= 1996,
  month		= {jun},
  publisher	= {Elsevier {BV}},
  volume	= {126},
  number	= {1},
  pages		= {202--228},
  author	= {Guang-Shan Jiang and Chi-Wang Shu},
  title		= {Efficient Implementation of Weighted {ENO} Schemes},
  journal	= {Journal of Computational Physics}
}

@Article{	  jiang1999high,
  title		= {A high-order WENO finite difference scheme for the
		  equations of ideal magnetohydrodynamics},
  author	= {Jiang, Guang-Shan and Wu, Cheng-chin},
  journal	= {Journal of Computational Physics},
  volume	= {150},
  number	= {2},
  pages		= {561--594},
  year		= {1999},
  publisher	= {Elsevier}
}

@Article{	  jiangshu1996,
  title		= {Efficient implementation of weighted ENO schemes},
  author	= {Jiang, Guang-Shan and Shu, Chi-Wang},
  journal	= {Journal of computational physics},
  volume	= {126},
  number	= {1},
  pages		= {202--228},
  year		= {1996},
  publisher	= {Elsevier}
}

@Article{	  johari05,
  doi		= {10.1017/s0022112005004490},
  url		= {https://doi.org/10.1017%2Fs0022112005004490},
  year		= 2005,
  month		= {jul},
  publisher	= {Cambridge University Press ({CUP})},
  volume	= {536},
  pages		= {185--207},
  author	= {Hamid Johari and Kenneth J. Desabrais},
  title		= {Vortex shedding in the near wake of a parachute canopy},
  journal	= {Journal of Fluid Mechanics}
}

@Article{	  jonesprediction1972,
  doi		= {10.1016/0017-9310(72)90076-2},
  url		= {https://doi.org/10.1016%2F0017-9310%2872%2990076-2},
  year		= 1972,
  month		= {feb},
  publisher	= {Elsevier {BV}},
  volume	= {15},
  number	= {2},
  pages		= {301--314},
  author	= {W.P Jones and B.E Launder},
  title		= {The prediction of laminarization with a two-equation model
		  of turbulence},
  journal	= {International Journal of Heat and Mass Transfer}
}

@Article{	  kahan1965pracniques,
  author	= {Kahan, W.},
  title		= {Pracniques: Further Remarks on Reducing Truncation
		  Errors},
  journal	= {Commun. ACM},
  issue_date	= {Jan. 1965},
  volume	= {8},
  number	= {1},
  month		= jan,
  year		= {1965},
  pages		= {40--48},
  doi		= {10.1145/363707.363723},
  acmid		= {363723},
  publisher	= {ACM},
  address	= {New York, NY, USA}
}

@Article{	  kalrotezduyar2000,
  author	= "Vinay Kalro and Tayfun E. Tezduyar",
  title		= "A parallel 3{D} computational method for fluid-structure
		  interactions in parachute systems",
  journal	= "Computer Methods in Applied Mechanics and Engineering",
  volume	= "190",
  pages		= "321--332",
  year		= "2000"
}

@Article{	  kang2000boundary,
  doi		= "10.1023/A:1011178417620",
  title		= {A boundary condition capturing method for multiphase
		  incompressible flow},
  author	= {Kang, Myungjoo and Fedkiw, Ronald P and Liu, Xu-Dong},
  journal	= {Journal of Scientific Computing},
  volume	= {15},
  number	= {3},
  pages		= {323--360},
  year		= {2000},
  publisher	= {Springer}
}

@Article{	  khvorostyanovcurry1999,
  title		= {Toward the theory of stochastic condensation in clouds.
		  Part I: A general kinetic equation},
  author	= {Khvorostyanov, Vitaly I and Curry, Judith A},
  journal	= {Journal of the atmospheric sciences},
  volume	= {56},
  number	= {23},
  pages		= {3985--3996},
  year		= {1999}
}

@Article{	  kim1985application,
  doi		= {10.1016/0021-9991(85)90148-2},
  url		= {https://doi.org/10.1016%2F0021-9991%2885%2990148-2},
  year		= 1985,
  month		= {jun},
  publisher	= {Elsevier {BV}},
  volume	= {59},
  number	= {2},
  pages		= {308--323},
  author	= {J Kim and P Moin},
  title		= {Application of a fractional-step method to incompressible
		  Navier-Stokes equations},
  journal	= {Journal of Computational Physics}
}

@Article{	  kim2006twodimensional,
  doi		= {10.1137/s1064827501389060},
  url		= {https://doi.org/10.1137%2Fs1064827501389060},
  year		= 2006,
  month		= {jan},
  publisher	= {Society for Industrial {\&} Applied Mathematics ({SIAM})},
  volume	= {28},
  number	= {6},
  pages		= {2294--2312},
  author	= {Yongsam Kim and Charles S. Peskin},
  title		= {2{\textendash}D Parachute Simulation by the Immersed
		  Boundary Method},
  journal	= {{SIAM} Journal on Scientific Computing}
}

@Article{	  kim2013simulation,
  doi		= {10.1016/j.jfluidstructs.2012.08.011},
  url		= {https://doi.org/10.1016%2Fj.jfluidstructs.2012.08.011},
  year		= 2013,
  month		= {feb},
  publisher	= {Elsevier {BV}},
  volume	= {37},
  pages		= {100--119},
  author	= {Joung-Dong Kim and Yan Li and Xiaolin Li},
  title		= {Simulation of parachute {FSI} using the front tracking
		  method},
  journal	= {Journal of Fluids and Structures}
}

@Article{	  kimlili12,
  doi		= {10.1016/j.jfluidstructs.2012.08.011},
  title		= {Simulation of parachute FSI using the front tracking
		  method},
  author	= {Kim, Joung-Dong and Li, Yan and Li, Xiaolin},
  journal	= {Journal of Fluids and Structures},
  volume	= {37},
  pages		= {100--119},
  year		= {2013},
  month		= {Feb},
  publisher	= {Elsevier}
}

@Book{		  kirk2010programming,
  title		= {Programming massively parallel processors: a hands-on
		  approach},
  author	= {Kirk, David B and Wen-mei, W Hwu},
  year		= {2010},
  publisher	= {Morgan Kaufmann}
}

@TechReport{	  knacke1991parachute,
  title		= {Parachute recovery systems design manual},
  author	= {Knacke, Theo W},
  year		= {1991},
  institution	= {DTIC Document}
}

@Article{	  krueger1997modeling,
  title		= {Modeling entrainment and finescale mixing in cumulus
		  clouds},
  author	= {Krueger, Steven K and Su, Chwen-Wei and McMurtry, Patrick
		  A},
  journal	= {Journal of the atmospheric sciences},
  volume	= {54},
  number	= {23},
  pages		= {2697--2712},
  year		= {1997}
}

###Article{	  krueger1997modeling,
  title		= {Modeling entrainment and finescale mixing in cumulus
		  clouds},
  author	= {Krueger, Steven K and Su, Chwen-Wei and McMurtry, Patrick
		  A},
  journal	= {Journal of the atmospheric sciences},
  volume	= {54},
  number	= {23},
  pages		= {2697--2712},
  year		= {1997}
}

@Article{	  kumar11,
  author	= {B. Kumar and J. Schumacher and R.-A.Shaw},
  journal	= {Theoretical Computational Fluid Dynamics},
  number	= {361},
  title		= {Cloud Microphysical Effects of Turbulent Mixing and
		  Entrainment},
  volume	= {27},
  year		= {2012}
}

@Article{	  kumar12,
  author	= {B. Kumar and F. Janetzko and J. Schumacher and R.-A.Shaw},
  journal	= {New Journal of Physics},
  number	= {115020},
  title		= {Extreme response of a coupled scalar-particle system
		  during turbulent mixing},
  volume	= {14},
  year		= {2012}
}

@Article{	  kumar14,
  author	= {B. Kumar and J. Schumacher and R.-A.Shaw},
  journal	= {Journal of the Atmospheric Sciences},
  number	= {7},
  pages		= {2564-2580},
  title		= {Lagrangian Mixing Dynamics at the Cloudy-Clear Air
		  Interface},
  volume	= {71},
  year		= {2014}
}

@Misc{		  kumar16corr,
  author	= {B. Kumar and J. Schumacher and R.-A.Shaw},
  title		= {Corrigedum to Lagrangian Mixing Dynamics at the
		  Cloudy-Clear Air Interface},
  year		= 2016,
  howpublished	= {personal communication}
}

@Article{	  kumar2012cloud,
  doi		= {10.1007/s00162-012-0272-z},
  url		= {https://doi.org/10.1007%2Fs00162-012-0272-z},
  year		= 2012,
  month		= {jun},
  publisher	= {Springer Nature},
  volume	= {27},
  number	= {3-4},
  pages		= {361--376},
  author	= {Bipin Kumar and Jörg Schumacher and Raymond A. Shaw},
  title		= {Cloud microphysical effects of turbulent mixing and
		  entrainment},
  journal	= {Theoretical and Computational Fluid Dynamics}
}

@Article{	  kumar2012extreme,
  doi		= {10.1088/1367-2630/14/11/115020},
  url		= {https://doi.org/10.1088%2F1367-2630%2F14%2F11%2F115020},
  year		= 2012,
  month		= {nov},
  publisher	= {{IOP} Publishing},
  volume	= {14},
  number	= {11},
  pages		= {115020},
  author	= {Bipin Kumar and Florian Janetzko and Jörg Schumacher and
		  Raymond A Shaw},
  title		= {Extreme responses of a coupled scalar{\textendash}particle
		  system during turbulent mixing},
  journal	= {New Journal of Physics}
}

@Article{	  kumar2014lagrangian,
  doi		= {10.1175/jas-d-13-0294.1},
  url		= {https://doi.org/10.1175%2Fjas-d-13-0294.1},
  year		= 2014,
  month		= {jul},
  publisher	= {American Meteorological Society},
  volume	= {71},
  number	= {7},
  pages		= {2564--2580},
  author	= {Bipin Kumar and Jörg Schumacher and Raymond A. Shaw},
  title		= {Lagrangian Mixing Dynamics at the Cloudy{\textendash}Clear
		  Air Interface},
  journal	= {Journal of the Atmospheric Sciences}
}

###Article{	  kumar2014lagrangian,
  doi		= {10.1175/jas-d-13-0294.1},
  url		= {https://doi.org/10.1175%2Fjas-d-13-0294.1},
  year		= 2014,
  month		= {jul},
  publisher	= {American Meteorological Society},
  volume	= {71},
  number	= {7},
  pages		= {2564--2580},
  author	= {Bipin Kumar and Jörg Schumacher and Raymond A. Shaw},
  title		= {Lagrangian Mixing Dynamics at the Cloudy{\textendash}Clear
		  Air Interface},
  journal	= {Journal of the Atmospheric Sciences}
}

@Misc{		  kumar2016corr,
  author	= {B. Kumar and J. Schumacher and R.-A.Shaw},
  title		= {Corrigedum to Lagrangian Mixing Dynamics at the
		  Cloudy-Clear Air Interface},
  year		= 2016,
  howpublished	= {personal communication}
}

@Book{		  ladyzhenskaya1969mathematical,
  title		= {The mathematical theory of viscous incompressible flow},
  author	= {Ladyzhenskaya, Olga A and Silverman, Richard A},
  volume	= {12},
  number	= {3},
  year		= {1969},
  publisher	= {Gordon \& Breach New York}
}

@Article{	  lanotte2009,
  doi		= {10.1175/2008jas2864.1},
  url		= {http://dx.doi.org/10.1175/2008jas2864.1},
  year		= 2009,
  month		= {jun},
  publisher	= {American Meteorological Society},
  volume	= {66},
  number	= {6},
  pages		= {1685--1697},
  author	= {Alessandra S. Lanotte and Agnese Seminara and Federico
		  Toschi},
  title		= {Cloud Droplet Growth by Condensation in Homogeneous
		  Isotropic Turbulence},
  journal	= {J. Atmos. Sci.}
}

###Article{	  lanotte2009,
  doi		= {10.1175/2008jas2864.1},
  url		= {http://dx.doi.org/10.1175/2008jas2864.1},
  year		= 2009,
  month		= {jun},
  publisher	= {American Meteorological Society},
  volume	= {66},
  number	= {6},
  pages		= {1685--1697},
  author	= {Alessandra S. Lanotte and Agnese Seminara and Federico
		  Toschi},
  title		= {Cloud Droplet Growth by Condensation in Homogeneous
		  Isotropic Turbulence},
  journal	= {J. Atmos. Sci.}
}

@Article{	  latham1977laboratory,
  title		= {Laboratory studies of the effects of mixing on the
		  evolution of cloud droplet spectra},
  author	= {Latham, J and Reed, RL},
  journal	= {Quarterly Journal of the Royal Meteorological Society},
  volume	= {103},
  number	= {436},
  pages		= {297--306},
  year		= {1977},
  publisher	= {Wiley Online Library}
}

@Article{	  lee1980two,
  title		= {Two algorithms for constructing a Delaunay triangulation},
  author	= {Lee, Der-Tsai and Schachter, Bruce J},
  journal	= {International Journal of Computer \& Information Sciences},
  volume	= {9},
  number	= {3},
  pages		= {219--242},
  year		= {1980},
  publisher	= {Springer}
}

@Article{	  lehmann09,
  author	= {K. Lehmann and H. Siebert and R.-A.Shaw},
  journal	= {Journal of the Atmospheric Sciences},
  pages		= {3641-3659},
  title		= {Homogeneous and Inhomogeneous Mixing in Cumulus Clouds:
		  Dependence on Local Turbulence Structure},
  volume	= {66},
  year		= {2009}
}

###Article{	  lehmann09,
  author	= {K. Lehmann and H. Siebert and R.-A.Shaw},
  journal	= {Journal of the Atmospheric Sciences},
  pages		= {3641-3659},
  title		= {Homogeneous and Inhomogeneous Mixing in Cumulus Clouds:
		  Dependence on Local Turbulence Structure},
  volume	= {66},
  year		= {2009}
}

@Article{	  lehmann2009,
  doi		= {10.1175/2009jas3012.1},
  url		= {https://doi.org/10.1175%2F2009jas3012.1},
  year		= 2009,
  month		= {dec},
  publisher	= {American Meteorological Society},
  volume	= {66},
  number	= {12},
  pages		= {3641--3659},
  author	= {Katrin Lehmann and Holger Siebert and Raymond A. Shaw},
  title		= {Homogeneous and Inhomogeneous Mixing in Cumulus Clouds:
		  Dependence on Local Turbulence Structure},
  journal	= {Journal of the Atmospheric Sciences}
}

###Article{	  lehmann2009,
  doi		= {10.1175/2009jas3012.1},
  url		= {https://doi.org/10.1175%2F2009jas3012.1},
  year		= 2009,
  month		= {dec},
  publisher	= {American Meteorological Society},
  volume	= {66},
  number	= {12},
  pages		= {3641--3659},
  author	= {Katrin Lehmann and Holger Siebert and Raymond A. Shaw},
  title		= {Homogeneous and Inhomogeneous Mixing in Cumulus Clouds:
		  Dependence on Local Turbulence Structure},
  journal	= {Journal of the Atmospheric Sciences}
}

@Article{	  liu1994weighted,
  doi		= {10.1006/jcph.1994.1187},
  url		= {https://doi.org/10.1006%2Fjcph.1994.1187},
  year		= 1994,
  month		= {nov},
  publisher	= {Elsevier {BV}},
  volume	= {115},
  number	= {1},
  pages		= {200--212},
  author	= {Xu-Dong Liu and Stanley Osher and Tony Chan},
  title		= {Weighted Essentially Non-oscillatory Schemes},
  journal	= {Journal of Computational Physics}
}

@Article{	  liu1995,
  title		= {On the size distribution of cloud droplets},
  author	= {Liu, Yangang and Laiguang, You and Weinong, Yang and Feng,
		  Liu},
  journal	= {Atmospheric Research},
  volume	= {35},
  number	= {2},
  pages		= {201--216},
  year		= {1995},
  publisher	= {Elsevier}
}

@Article{	  liu2000boundary,
  doi		= "10.1006/jcph.2000.6444",
  title		= {A Boundary Condition Capturing Method for {Poisson}'s
		  Equation on Irregular Domains},
  author	= {Liu, Xu-Dong and Fedkiw, Ronald P and Kang, Myungjoo},
  journal	= {Journal of Computational Physics},
  volume	= {160},
  number	= {1},
  pages		= {151--178},
  year		= {2000},
  publisher	= {Elsevier}
}

@Article{	  liu2002,
  title		= {Anthropogenic aerosols: Indirect warming effect from
		  dispersion forcing},
  author	= {Liu, Yangang and Daum, Peter H},
  journal	= {Nature},
  volume	= {419},
  number	= {6907},
  pages		= {580},
  year		= {2002},
  publisher	= {Nature Publishing Group}
}

@Article{	  liuhallett1997,
  title		= {The ‘1/3’power law between effective radius and
		  liquid-water content},
  author	= {Liu, Yangang and Hallett, John},
  journal	= {Quarterly Journal of the Royal Meteorological Society},
  volume	= {123},
  number	= {542},
  pages		= {1789--1795},
  year		= {1997},
  publisher	= {Wiley Online Library}
}

@Article{	  liuhallett1998,
  title		= {On size distributions of cloud droplets growing by
		  condensation: A new conceptual model},
  author	= {Liu, Yangang and Hallett, John},
  journal	= {Journal of the atmospheric sciences},
  volume	= {55},
  number	= {4},
  pages		= {527--536},
  year		= {1998}
}

@Article{	  lozar2014,
  doi		= {10.1002/qj.2234},
  url		= {http://dx.doi.org/10.1002/qj.2234},
  year		= 2013,
  month		= {sep},
  publisher	= {Wiley-Blackwell},
  volume	= {140},
  number	= {682},
  pages		= {1493--1504},
  author	= {A. de Lozar and J. P. Mellado},
  title		= {Cloud droplets in a bulk formulation and its application
		  to buoyancy reversal instability},
  journal	= {Quarterly Journal of the Royal Meteorological Society}
}

###Article{	  lozar2014,
  doi		= {10.1002/qj.2234},
  url		= {http://dx.doi.org/10.1002/qj.2234},
  year		= 2013,
  month		= {sep},
  publisher	= {Wiley-Blackwell},
  volume	= {140},
  number	= {682},
  pages		= {1493--1504},
  author	= {A. de Lozar and J. P. Mellado},
  title		= {Cloud droplets in a bulk formulation and its application
		  to buoyancy reversal instability},
  journal	= {Quarterly Journal of the Royal Meteorological Society}
}

@Article{	  lozarmellado2013,
  title		= {Direct numerical simulations of a smoke cloud--top mixing
		  layer as a model for stratocumuli},
  author	= {de Lozar, Alberto and Mellado, Juan Pedro},
  journal	= {Journal of the Atmospheric Sciences},
  volume	= {70},
  number	= {8},
  pages		= {2356--2375},
  year		= {2013}
}

@Article{	  lu2011,
  doi		= {10.1029/2011jd015944},
  url		= {http://dx.doi.org/10.1029/2011jd015944},
  year		= 2011,
  month		= {oct},
  publisher	= {Wiley-Blackwell},
  volume	= {116},
  number	= {D20},
  author	= {Chunsong Lu and Yangang Liu and Shengjie Niu},
  title		= {Examination of turbulent entrainment-mixing mechanisms
		  using a combined approach},
  journal	= {J. Geophys. Res.}
}

###Article{	  lu2011,
  doi		= {10.1029/2011jd015944},
  url		= {http://dx.doi.org/10.1029/2011jd015944},
  year		= 2011,
  month		= {oct},
  publisher	= {Wiley-Blackwell},
  volume	= {116},
  number	= {D20},
  author	= {Chunsong Lu and Yangang Liu and Shengjie Niu},
  title		= {Examination of turbulent entrainment-mixing mechanisms
		  using a combined approach},
  journal	= {J. Geophys. Res.}
}

@Article{	  lu2013,
  doi		= {10.1029/2012jd018464},
  url		= {http://dx.doi.org/10.1029/2012jd018464},
  year		= 2013,
  month		= {jan},
  publisher	= {Wiley-Blackwell},
  volume	= {118},
  number	= {1},
  pages		= {185--194},
  author	= {Chunsong Lu and Yangang Liu and Shengjie Niu and Steven
		  Krueger and Timothy Wagner},
  title		= {Exploring parameterization for turbulent
		  entrainment-mixing processes in clouds},
  journal	= {Journal of Geophysical Research: Atmospheres}
}

###Article{	  lu2013,
  doi		= {10.1029/2012jd018464},
  url		= {http://dx.doi.org/10.1029/2012jd018464},
  year		= 2013,
  month		= {jan},
  publisher	= {Wiley-Blackwell},
  volume	= {118},
  number	= {1},
  pages		= {185--194},
  author	= {Chunsong Lu and Yangang Liu and Shengjie Niu and Steven
		  Krueger and Timothy Wagner},
  title		= {Exploring parameterization for turbulent
		  entrainment-mixing processes in clouds},
  journal	= {Journal of Geophysical Research: Atmospheres}
}

@Article{	  lu2014,
  title		= {Scale dependence of entrainment-mixing mechanisms in
		  cumulus clouds},
  author	= {Lu, Chunsong and Liu, Yangang and Niu, Shengjie and Endo,
		  Satoshi},
  journal	= {Journal of Geophysical Research: Atmospheres},
  volume	= {119},
  number	= {24},
  year		= {2014},
  publisher	= {Wiley Online Library}
}

###Article{	  lu2014,
  title		= {Scale dependence of entrainment-mixing mechanisms in
		  cumulus clouds},
  author	= {Lu, Chunsong and Liu, Yangang and Niu, Shengjie and Endo,
		  Satoshi},
  journal	= {Journal of Geophysical Research: Atmospheres},
  volume	= {119},
  number	= {24},
  year		= {2014},
  publisher	= {Wiley Online Library}
}

@Article{	  lu2014scale,
  title		= {Scale dependence of entrainment-mixing mechanisms in
		  cumulus clouds},
  author	= {Lu, Chunsong and Liu, Yangang and Niu, Shengjie and Endo,
		  Satoshi},
  journal	= {Journal of Geophysical Research: Atmospheres},
  volume	= {119},
  number	= {24},
  year		= {2014},
  publisher	= {Wiley Online Library}
}

@TechReport{	  lundgren2003linearly,
  title		= {Linearly Forces Isotropic Turbulence},
  author	= {Lundgren, TS},
  year		= {2003},
  institution	= {DTIC Document}
}

@Article{	  macgrawliu2004,
  title		= {An analytical expression for predicting the critical
		  radius in the autoconversion parameterization},
  author	= {Liu, Yangang and Daum, Peter H and McGraw, Robert},
  journal	= {Geophysical research letters},
  volume	= {31},
  number	= {6},
  year		= {2004},
  publisher	= {Wiley Online Library}
}

@Article{	  macgrawliu2006,
  title		= {Brownian drift-diffusion model for evolution of droplet
		  size distributions in turbulent clouds},
  author	= {McGraw, Robert and Liu, Yangang},
  journal	= {Geophysical research letters},
  volume	= {33},
  number	= {3},
  year		= {2006},
  publisher	= {Wiley Online Library}
}

@Article{	  malinowski1998,
  title		= {Laboratory observations of cloud-clear air mixing at small
		  scales},
  author	= {Malinowski, Szymon P and Zawadzki, Isztar and Banat,
		  Piotr},
  journal	= {Journal of Atmospheric and Oceanic Technology},
  volume	= {15},
  number	= {4},
  pages		= {1060--1065},
  year		= {1998}
}

###Article{	  malinowski1998,
  title		= {Laboratory observations of cloud-clear air mixing at small
		  scales},
  author	= {Malinowski, Szymon P and Zawadzki, Isztar and Banat,
		  Piotr},
  journal	= {Journal of Atmospheric and Oceanic Technology},
  volume	= {15},
  number	= {4},
  pages		= {1060--1065},
  year		= {1998}
}

@Article{	  malinowski2008,
  doi		= {10.1088/1367-2630/10/7/075020},
  url		= {http://dx.doi.org/10.1088/1367-2630/10/7/075020},
  year		= 2008,
  month		= {jul},
  publisher	= {{IOP} Publishing},
  volume	= {10},
  number	= {7},
  pages		= {075020},
  author	= {Szymon P Malinowski and Miroslaw Andrejczuk and Wojciech W
		  Grabowski and Piotr Korczyk and Tomasz A Kowalewski and
		  Piotr K Smolarkiewicz},
  title		= {Laboratory and modeling studies of cloud{\textendash}clear
		  air interfacial mixing: anisotropy of small-scale
		  turbulence due to evaporative cooling},
  journal	= {New Journal of Physics}
}

###Article{	  malinowski2008,
  doi		= {10.1088/1367-2630/10/7/075020},
  url		= {http://dx.doi.org/10.1088/1367-2630/10/7/075020},
  year		= 2008,
  month		= {jul},
  publisher	= {{IOP} Publishing},
  volume	= {10},
  number	= {7},
  pages		= {075020},
  author	= {Szymon P Malinowski and Miroslaw Andrejczuk and Wojciech W
		  Grabowski and Piotr Korczyk and Tomasz A Kowalewski and
		  Piotr K Smolarkiewicz},
  title		= {Laboratory and modeling studies of cloud{\textendash}clear
		  air interfacial mixing: anisotropy of small-scale
		  turbulence due to evaporative cooling},
  journal	= {New Journal of Physics}
}

@Article{	  mcgrawliu2003,
  title		= {Kinetic potential and barrier crossing: A model for warm
		  cloud drizzle formation},
  author	= {McGraw, Robert and Liu, Yangang},
  journal	= {Physical review letters},
  volume	= {90},
  number	= {1},
  pages		= {018501},
  year		= {2003},
  publisher	= {APS}
}

@Article{	  morrison2008,
  doi		= {10.1175/2007jas2374.1},
  url		= {http://dx.doi.org/10.1175/2007jas2374.1},
  year		= 2008,
  month		= {mar},
  publisher	= {American Meteorological Society},
  volume	= {65},
  number	= {3},
  pages		= {792--812},
  author	= {Hugh Morrison and Wojciech W. Grabowski},
  title		= {Modeling Supersaturation and Subgrid-Scale Mixing with
		  Two-Moment Bulk Warm Microphysics},
  journal	= {J. Atmos. Sci.}
}

###Article{	  morrison2008,
  doi		= {10.1175/2007jas2374.1},
  url		= {http://dx.doi.org/10.1175/2007jas2374.1},
  year		= 2008,
  month		= {mar},
  publisher	= {American Meteorological Society},
  volume	= {65},
  number	= {3},
  pages		= {792--812},
  author	= {Hugh Morrison and Wojciech W. Grabowski},
  title		= {Modeling Supersaturation and Subgrid-Scale Mixing with
		  Two-Moment Bulk Warm Microphysics},
  journal	= {J. Atmos. Sci.}
}

@InProceedings{	  nedelreal1998,
  doi		= {10.1109/cgi.1998.694263},
  url		= {https://doi.org/10.1109%2Fcgi.1998.694263},
  publisher	= {Institute of Electrical and Electronics Engineers
		  ({IEEE})},
  author	= {L.P. Nedel and D. Thalmann},
  title		= {Real time muscle deformations using mass-spring systems},
  booktitle	= {Proceedings. Computer Graphics International (Cat.
		  No.98EX149)}
}

@InBook{	  nield2013,
  doi		= {10.1007/978-1-4614-5541-7_1},
  title		= {Mechanics of Fluid Flow Through a Porous Medium},
  booktitle	= {Convection in Porous Media},
  month		= {Oct},
  author	= {Nield, Donald A and Bejan, Adrian},
  year		= {2012},
  publisher	= {Springer Science Business Media},
  chapter	= {1},
  pages		= {1--29},
  address	= {New York}
}

@Article{	  orszag72,
  author	= {Steven A. Orszag},
  journal	= {Studies in Applied Mathematics},
  month		= {sep},
  number	= {3},
  pages		= {253--259},
  publisher	= {Wiley-Blackwell},
  title		= {Comparison of Pseudospectral and Spectral Approximation},
  volume	= {51},
  year		= {1972},
  doi		= {10.1002/sapm1972513253},
  url		= {http://dx.doi.org/10.1002/sapm1972513253}
}

###Article{	  orszag72,
  author	= {Steven A. Orszag},
  journal	= {Studies in Applied Mathematics},
  month		= {sep},
  number	= {3},
  pages		= {253--259},
  publisher	= {Wiley-Blackwell},
  title		= {Comparison of Pseudospectral and Spectral Approximation},
  volume	= {51},
  year		= {1972},
  doi		= {10.1002/sapm1972513253},
  url		= {http://dx.doi.org/10.1002/sapm1972513253}
}

@Article{	  osher1988fronts,
  doi		= {10.1016/0021-9991(88)90002-2},
  title		= {Fronts Propagating with Curvature-dependent Speed:
		  Algorithms Based on Hamilton-Jacobi Formulations},
  author	= {Osher, Stanley and Sethian, James A},
  journal	= {Journal of computational physics},
  volume	= {79},
  number	= {1},
  pages		= {12--49},
  year		= {1988},
  month		= {Nov},
  publisher	= {Elsevier}
}

@Article{	  pearson1895note,
  title		= {Note on regression and inheritance in the case of two
		  parents},
  author	= {Pearson, Karl},
  journal	= {Proceedings of the Royal Society of London},
  volume	= {58},
  pages		= {240--242},
  year		= {1895},
  publisher	= {JSTOR}
}

@Article{	  peskin2002immersed,
  title		= {The immersed boundary method},
  author	= {Peskin, Charles S},
  journal	= {Acta numerica},
  volume	= {11},
  pages		= {479--517},
  year		= {2002},
  publisher	= {Cambridge Univ Press}
}

@TechReport{	  petsc_cite,
  author	= {Satish Balay and Shrirang Abhyankar and Mark~F. Adams and
		  Jed Brown and Peter Brune and Kris Buschelman and Lisandro
		  Dalcin and Victor Eijkhout and William~D. Groppand Dinesh
		  Kaushik and Matthew~G. Knepley and Lois Curfman McInnes and
		  Karl Rupp and Barry~F. Smith and Stefano Zampini and Hong
		  Zhang and Hong Zhang},
  title		= {{PETS}c Users Manual},
  institution	= {Argonne National Laboratory},
  year		= 2016,
  number	= {ANL-95/11 - Revision 3.7},
  url		= {http://www.mcs.anl.gov/petsc}
}

###TechReport{	  petsc_cite,
  author	= {Satish Balay and Shrirang Abhyankar and Mark~F. Adams and
		  Jed Brown and Peter Brune and Kris Buschelman and Lisandro
		  Dalcin and Victor Eijkhout and William~D. Groppand Dinesh
		  Kaushik and Matthew~G. Knepley and Lois Curfman McInnes and
		  Karl Rupp and Barry~F. Smith and Stefano Zampini and Hong
		  Zhang and Hong Zhang},
  title		= {{PETS}c Users Manual},
  institution	= {Argonne National Laboratory},
  year		= 2016,
  number	= {ANL-95/11 - Revision 3.7},
  url		= {http://www.mcs.anl.gov/petsc}
}

@Article{	  platt1988,
  title		= {Constraints methods for flexible models},
  author	= {Platt, John C and Barr, Alan H},
  journal	= {ACM SIGGRAPH Computer Graphics},
  volume	= {22},
  number	= {4},
  pages		= {279--288},
  year		= {1988},
  publisher	= {ACM}
}

@Book{		  popeturbulent2000,
  doi		= {10.1017/cbo9780511840531},
  url		= {https://doi.org/10.1017%2Fcbo9780511840531},
  year		= 2000,
  publisher	= {Cambridge University Press ({CUP})},
  author	= {Stephen B. Pope},
  title		= {Turbulent Flows}
}

@InCollection{	  provot1997,
  doi		= {10.1007/978-3-7091-6874-5_13},
  url		= {https://doi.org/10.1007%2F978-3-7091-6874-5_13},
  year		= 1997,
  publisher	= {Springer Nature},
  pages		= {177--189},
  author	= {Xavier Provot},
  title		= {Collision and self-collision handling in cloth model
		  dedicated to design garments},
  booktitle	= {Eurographics}
}

@Article{	  reade2000,
  author	= {Walter C. Reade and Lance R. Collins},
  journal	= {Physics of Fluids},
  number	= {10},
  pages		= {2530},
  publisher	= {{AIP} Publishing},
  title		= {Effect of preferential concentration on turbulent
		  collision rates},
  volume	= {12},
  year		= {2000},
  doi		= {10.1063/1.1288515},
  url		= {http://dx.doi.org/10.1063/1.1288515}
}

@Article{	  reade2000effect,
  doi		= {10.1063/1.1288515},
  url		= {https://doi.org/10.1063%2F1.1288515},
  year		= 2000,
  publisher	= {{AIP} Publishing},
  volume	= {12},
  number	= {10},
  pages		= {2530},
  author	= {Walter C. Reade and Lance R. Collins},
  title		= {Effect of preferential concentration on turbulent
		  collision rates},
  journal	= {Physics of Fluids}
}

@Article{	  reynolds1894,
  doi		= {10.1098/rspl.1894.0075},
  url		= {https://doi.org/10.1098%2Frspl.1894.0075},
  year		= 1894,
  month		= {jan},
  publisher	= {The Royal Society},
  volume	= {56},
  number	= {336-339},
  pages		= {40--45},
  author	= {O. Reynolds},
  title		= {On the Dynamical Theory of Incompressible Viscous Fluids
		  and the Determination of the Criterion.},
  journal	= {Proceedings of the Royal Society of London}
}

@Article{	  reynolds1894dynamical,
  title		= {On the dynamical theory of incompressible viscous fluids
		  and the determination of the criterion.},
  author	= {Reynolds, Osborne},
  journal	= {Proceedings of the Royal Society of London},
  volume	= {56},
  number	= {336-339},
  pages		= {40--45},
  year		= {1894},
  publisher	= {The Royal Society}
}

@Article{	  roberts1974axisymmetric,
  doi		= {10.2514/3.60408},
  title		= {Axisymmetric, Self-Excited Oscillations in Parachutes},
  author	= {Roberts, Bryan W},
  journal	= {Journal of Aircraft},
  volume	= {11},
  number	= {12},
  pages		= {736--744},
  year		= {1974},
  month		= {Dec},
  publisher	= {AIAA}
}

@Book{		  rogallo81,
  author	= {R. S. Rogallo},
  publisher	= {National Aeronautics and Space Administration},
  title		= {Numerical Experiments in Homogeneous Turbulence},
  volume	= {81315},
  year		= {1981}
}

###Book{	  rogallo81,
  author	= {R. S. Rogallo},
  publisher	= {National Aeronautics and Space Administration},
  title		= {Numerical Experiments in Homogeneous Turbulence},
  volume	= {81315},
  year		= {1981}
}

@Book{		  rogersyau1996,
  title		= {A short course in cloud physics},
  author	= {Yau, Man Kong and Rogers, RR},
  year		= {1996},
  publisher	= {Elsevier}
}

@Article{	  rosales05,
  author	= {Rosales, Carlos and Meneveau, Charles},
  journal	= {Physics of Fluids},
  number	= {9},
  pages		= {095106},
  publisher	= {AIP Publishing},
  title		= {Linear forcing in numerical simulations of isotropic
		  turbulence: Physical space implementations and convergence
		  properties},
  volume	= {17},
  year		= {2005}
}

@Article{	  rosales2005linear,
  doi		= {10.1063/1.2047568},
  url		= {https://doi.org/10.1063%2F1.2047568},
  year		= 2005,
  month		= {sep},
  publisher	= {{AIP} Publishing},
  volume	= {17},
  number	= {9},
  pages		= {095106},
  author	= {Carlos Rosales and Charles Meneveau},
  title		= {Linear forcing in numerical simulations of isotropic
		  turbulence: Physical space implementations and convergence
		  properties},
  journal	= {Physics of Fluids}
}

@Article{	  schmitt2007boussinesq,
  title		= {About Boussinesq's turbulent viscosity hypothesis:
		  historical remarks and a direct evaluation of its
		  validity},
  author	= {Schmitt, Fran{\c{c}}ois G},
  journal	= {Comptes Rendus M{\'e}canique},
  volume	= {335},
  number	= {9-10},
  pages		= {617--627},
  year		= {2007},
  publisher	= {Elsevier}
}

@Book{		  sedunov1974,
  title		= {Physics of Drop Formation in the Atmosphere},
  publisher	= {Wiley-Blackwell},
  author	= {Yu. S. Sedunov},
  year		= {1974}
}

@Article{	  selle2009robust,
  doi		= {10.1109/tvcg.2008.79},
  url		= {https://doi.org/10.1109%2Ftvcg.2008.79},
  year		= 2009,
  month		= {mar},
  publisher	= {Institute of Electrical and Electronics Engineers
		  ({IEEE})},
  volume	= {15},
  number	= {2},
  pages		= {339--350},
  author	= {A. Selle and J. Su and G. Irving and R. Fedkiw},
  title		= {Robust High-Resolution Cloth Using Parallelism,
		  History-Based Collisions, and Accurate Friction},
  journal	= {{IEEE} Transactions on Visualization and Computer
		  Graphics}
}

@Article{	  shaw1998,
  title		= {Preferential concentration of cloud droplets by
		  turbulence: Effects on the early evolution of cumulus cloud
		  droplet spectra},
  author	= {Shaw, Raymond A and Reade, Walter C and Collins, Lance R
		  and Verlinde, Johannes},
  journal	= {Journal of the atmospheric sciences},
  volume	= {55},
  number	= {11},
  pages		= {1965--1976},
  year		= {1998}
}

@Article{	  shi2015verification,
  doi		= {10.1016/j.jfluidstructs.2015.06.014},
  url		= {https://doi.org/10.1016%2Fj.jfluidstructs.2015.06.014},
  year		= 2015,
  month		= {oct},
  publisher	= {Elsevier {BV}},
  volume	= {58},
  pages		= {20--39},
  author	= {Qiangqiang Shi and Daniel Reasor and Zheng Gao and Xiaolin
		  Li and Richard D. Charles},
  title		= {On the verification and validation of a spring fabric for
		  modeling parachute inflation},
  journal	= {Journal of Fluids and Structures}
}

@Article{	  shih1995new,
  title		= {A new k-ϵ eddy viscosity model for high reynolds number
		  turbulent flows},
  author	= {Shih, Tsan-Hsing and Liou, William W and Shabbir, Aamir
		  and Yang, Zhigang and Zhu, Jiang},
  journal	= {Computers \& Fluids},
  volume	= {24},
  number	= {3},
  pages		= {227--238},
  year		= {1995},
  publisher	= {Elsevier}
}

@Article{	  slawinska2008,
  title		= {Optical properties of shallow convective clouds diagnosed
		  from a bulk-microphysics large-eddy simulation},
  author	= {Slawinska, Joanna and Grabowski, Wojciech W and Pawlowska,
		  Hanna and Wyszogrodzki, Andrzej A},
  journal	= {Journal of Climate},
  volume	= {21},
  number	= {7},
  pages		= {1639--1647},
  year		= {2008}
}

@InProceedings{	  spalart1992one,
  title		= {A one-equation turbulence model for aerodynamic flows},
  author	= {Spalart, PRaA and Allmaras, S1},
  booktitle	= {30th aerospace sciences meeting and exhibit},
  pages		= {439},
  year		= {1992}
}

@Article{	  su1998,
  title		= {Linear eddy modeling of droplet spectral evolution during
		  entrainment and mixing in cumulus clouds},
  author	= {Su, Chwen-Wei and Krueger, Steven K and McMurtry, Patrick
		  A and Austin, Philip H},
  journal	= {Atmospheric research},
  volume	= {47},
  pages		= {41--58},
  year		= {1998},
  publisher	= {Elsevier}
}

@Article{	  sullivan1994,
  title		= {A subgrid-scale model for large-eddy simulation of
		  planetary boundary-layer flows},
  author	= {Sullivan, Peter P and McWilliams, James C and Moeng,
		  Chin-Hoh},
  journal	= {Boundary-Layer Meteorology},
  volume	= {71},
  number	= {3},
  pages		= {247--276},
  year		= {1994},
  publisher	= {Springer}
}

@Article{	  sullivan1994deterministic,
  doi		= {10.1063/1.868274},
  url		= {https://doi.org/10.1063%2F1.868274},
  year		= 1994,
  month		= {apr},
  publisher	= {{AIP} Publishing},
  volume	= {6},
  number	= {4},
  pages		= {1612--1614},
  author	= {Neal P. Sullivan and Shankar Mahalingam and Robert M.
		  Kerr},
  title		= {Deterministic forcing of homogeneous, isotropic
		  turbulence},
  journal	= {Physics of Fluids}
}

@Article{	  sundaram1997collision,
  doi		= {10.1017/s0022112096004454},
  url		= {https://doi.org/10.1017%2Fs0022112096004454},
  year		= 1997,
  month		= {mar},
  publisher	= {Cambridge University Press ({CUP})},
  volume	= {335},
  pages		= {75--109},
  author	= {Shivshankar Sundaram and Lance R. Collins},
  title		= {Collision statistics in an isotropic particle-laden
		  turbulent suspension. Part 1. Direct numerical
		  simulations},
  journal	= {Journal of Fluid Mechanics}
}

@Article{	  sundaram97,
  author	= {S. Sundaram and L. R. Collins},
  journal	= {Journal of Fluid Mech},
  pages		= {75-109},
  title		= {Collision statistics in an isotropic particle-laden
		  turbulent suspension. Part 1. Direct numerical
		  simulations},
  volume	= {335},
  year		= {1997}
}

@Manual{	  t10-manual,
  title		= {Unit and intermediate direct support maintenance manual
		  for parachute, personnnel type: 35-foot diameter, T-10B
		  troop back parachute assembly},
  year		= {1988},
  month		= {Sep},
  organization	= {Departments of the army and air force}
}

@Article{	  tachi2009simulation,
  title		= {Simulation of rigid origami},
  author	= {Tachi, Tomohiro},
  journal	= {Origami},
  volume	= {4},
  pages		= {175--187},
  year		= {2009}
}

@Article{	  takizawa2012computational,
  doi		= {10.1007/s11831-012-9070-4},
  url		= {https://doi.org/10.1007%2Fs11831-012-9070-4},
  year		= 2012,
  month		= {feb},
  publisher	= {Springer Nature},
  volume	= {19},
  number	= {1},
  pages		= {125--169},
  author	= {Kenji Takizawa and Tayfun E. Tezduyar},
  title		= {Computational Methods for Parachute
		  Fluid{\textendash}Structure Interactions},
  journal	= {Archives of Computational Methods in Engineering}
}

@InProceedings{	  tanavde1995airbag,
  doi		= {10.4271/950875},
  url		= {https://doi.org/10.4271%2F950875},
  year		= 1995,
  month		= {feb},
  publisher	= {{SAE} International},
  author	= {Anand S. Tanavde and Himanshu Khandelwal and David Lasry
		  and Xiomin Ni and Eberhard Haug and Jutta Schlosser and
		  Pradeep Balakrishnan},
  title		= {Airbag Modeling Using Initial Metric Methodology},
  booktitle	= {{SAE} Technical Paper Series}
}

@Article{	  taylor2015using,
  title		= {Using JFOLD \& LS-DYNA to Study the Effects of Folding on
		  Airbag Deployment},
  author	= {Taylor, Richard and Hayashi, Shinya},
  year		= {2015}
}

@Article{	  telfordchai1980,
  title		= {A new aspect of condensation theory},
  author	= {Telford, James W and Chai, Steven K},
  journal	= {pure and applied geophysics},
  volume	= {118},
  number	= {2},
  pages		= {720--742},
  year		= {1980},
  publisher	= {Springer}
}

@Article{	  temam1969approximation,
  title		= {Sur l'approximation de la solution des {\'e}quations de
		  Navier-Stokes par la m{\'e}thode des pas fractionnaires
		  (II)},
  author	= {Temam, Roger},
  journal	= {Archive for Rational Mechanics and Analysis},
  volume	= {33},
  number	= {5},
  pages		= {377--385},
  year		= {1969},
  publisher	= {Springer}
}

@InProceedings{	  terzopoulos1987,
  doi		= {10.1145/37401.37427},
  url		= {https://doi.org/10.1145%2F37401.37427},
  year		= 1987,
  publisher	= {Association for Computing Machinery ({ACM})},
  author	= {Demetri Terzopoulos and John Platt and Alan Barr and Kurt
		  Fleischer},
  title		= {Elastically deformable models},
  booktitle	= {Proceedings of the 14th annual conference on Computer
		  graphics and interactive techniques}
}

@InProceedings{	  terzopoulos1988,
  doi		= {10.1145/54852.378522},
  url		= {https://doi.org/10.1145%2F54852.378522},
  year		= 1988,
  publisher	= {Association for Computing Machinery ({ACM})},
  author	= {Demetri Terzopoulos and Kurt Fleischer},
  title		= {Modeling inelastic deformation},
  booktitle	= {Proceedings of the 15th annual conference on Computer
		  graphics and interactive techniques}
}

@InProceedings{	  teschnercollision2005,
  title		= {Collision detection for deformable objects},
  author	= {Teschner, Matthias and Kimmerle, Stefan and Heidelberger,
		  Bruno and Zachmann, Gabriel and Raghupathi, Laks and
		  Fuhrmann, Arnulph and Cani, M-P and Faure, Fran{\c{c}}ois
		  and Magnenat-Thalmann, Nadia and Strasser, Wolfgang and
		  others},
  booktitle	= {Computer graphics forum},
  volume	= {24},
  number	= {1},
  pages		= {61--81},
  year		= {2005},
  organization	= {Wiley Online Library}
}

@Article{	  tezduyar2008fluid,
  doi		= {10.1007/s00466-008-0260-8},
  url		= {https://doi.org/10.1007%2Fs00466-008-0260-8},
  year		= 2008,
  month		= {mar},
  publisher	= {Springer Nature},
  volume	= {43},
  number	= {1},
  pages		= {133--142},
  author	= {Tayfun E. Tezduyar and Sunil Sathe and Matthew Schwaab and
		  Jason Pausewang and Jason Christopher and Jason Crabtree},
  title		= {Fluid{\textendash}structure interaction modeling of
		  ringsail parachutes},
  journal	= {Computational Mechanics}
}

@InProceedings{	  tutt2010development,
  doi		= {10.2514/6.2013-1384},
  title		= {Development of parachute simulation techniques in
		  LS-DYNA},
  author	= {Tutt, Benjamin and Richard, C and Roland, S and Noetscher,
		  Greg},
  booktitle	= {11th International LS-DYNA Users Conference},
  year		= {2010},
  pages		= {25--36},
  address	= {Detroit}
}

@InProceedings{	  tutt2011finite,
  doi		= {10.2514/6.2011-2592},
  url		= {http://dx.doi.org/10.2514/6.2011-2592},
  year		= 2011,
  month		= {may},
  publisher	= {American Institute of Aeronautics and Astronautics
		  ({AIAA})},
  author	= {Benjamin Tutt and Scott Roland and Greg Noetscher and
		  Richard Charles},
  title		= {Finite Mass Simulation Techniques in {LS}-{DYNA}},
  booktitle	= {21st {AIAA} Aerodynamic Decelerator Systems Technology
		  Conference and Seminar}
}

@Article{	  vaillancourt00,
  author	= {P. A. Vaillancourt and M. K. Yau},
  journal	= {American Meteorological Society},
  number	= {2},
  pages		= {285-298},
  title		= {Review of Particle-Turbulence Interactions and
		  Consequences for Cloud Physics},
  volume	= {81},
  year		= {2000}
}

###Article{	  vaillancourt00,
  author	= {P. A. Vaillancourt and M. K. Yau},
  journal	= {American Meteorological Society},
  number	= {2},
  pages		= {285-298},
  title		= {Review of Particle-Turbulence Interactions and
		  Consequences for Cloud Physics},
  volume	= {81},
  year		= {2000}
}

@Article{	  vaillancourt02,
  author	= {P. A. Vaillancourt and M. K. Yau and P. Bartello and W. W.
		  Grabowski},
  journal	= {American Meteorological Society},
  pages		= {3421-3432},
  title		= {Microscopic Approach to Cloud Droplets Growth by
		  Condensation. Part II: Turbulence, Clustering, and
		  Condensational Growth},
  volume	= {59},
  year		= {2002}
}

@Article{	  vaillancourt2000review,
  title		= {Review of particle-turbulence interactions and
		  consequences for cloud physics},
  author	= {Vaillancourt, Paul A and Yau, MK},
  journal	= {Bulletin of the American Meteorological Society},
  volume	= {81},
  number	= {2},
  pages		= {285--298},
  year		= {2000}
}

###Article{	  vaillancourt2000review,
  title		= {Review of particle-turbulence interactions and
		  consequences for cloud physics},
  author	= {Vaillancourt, Paul A and Yau, MK},
  journal	= {Bulletin of the American Meteorological Society},
  volume	= {81},
  number	= {2},
  pages		= {285--298},
  year		= {2000}
}

@Article{	  vaillancourt2002,
  author	= {P. A. Vaillancourt and M. K. Yau and P. Bartello and W. W.
		  Grabowski},
  journal	= {American Meteorological Society},
  pages		= {3421-3432},
  title		= {Microscopic Approach to Cloud Droplets Growth by
		  Condensation. Part II: Turbulence, Clustering, and
		  Condensational Growth},
  volume	= {59},
  year		= {2002}
}

@InCollection{	  volino1995,
  doi		= {10.1007/978-3-7091-9435-5_5},
  url		= {https://doi.org/10.1007%2F978-3-7091-9435-5_5},
  year		= 1995,
  publisher	= {Springer Nature},
  pages		= {55--65},
  author	= {Pascal Volino and Nadia Magnenat Thalmann},
  title		= {Collision and Self-Collision Detection: Efficient and
		  Robust Solutions for Highly Deformable Surfaces},
  booktitle	= {Eurographics}
}

@Article{	  volinoefficient1994,
  doi		= {10.1111/1467-8659.1330155},
  url		= {https://doi.org/10.1111%2F1467-8659.1330155},
  year		= 1994,
  month		= {aug},
  publisher	= {Wiley-Blackwell},
  volume	= {13},
  number	= {3},
  pages		= {155--166},
  author	= {Pascal Volino and Nadia Magnenat Thalmann},
  title		= {Efficient self-collision detection on smoothly discretized
		  surface animations using geometrical shape regularity},
  journal	= {Computer Graphics Forum}
}

@InProceedings{	  wang2006porous,
  title		= {Porous Euler-Lagrange Coupling: Application to Parachute
		  Dynamics},
  author	= {Wang, Jason and Aquelet, Nicolas and Tutt, Benjamin and
		  Do, Ian and Chen, Hao and Souli, Mhamed},
  booktitle	= {9th International LS-DYNA Users Conference},
  address	= {Manchester},
  month		= {Jul},
  pages		= {11-21},
  year		= {2006}
}

@Article{	  warner1973,
  title		= {The microstructure of cumulus cloud: Part IV. The effect
		  on the droplet spectrum of mixing between cloud and
		  environment},
  author	= {Warner, J},
  journal	= {Journal of the Atmospheric Sciences},
  volume	= {30},
  number	= {2},
  pages		= {256--261},
  year		= {1973}
}

@Article{	  weno96,
  author	= {G.-S. Jiang and C.-W. Shu},
  journal	= {Journal of Computational Physics},
  pages		= {202-228},
  title		= {Efficient Implementation of Weighted ENO Schemes},
  volume	= {126},
  year		= {1996}
}

###Article{	  weno96,
  author	= {G.-S. Jiang and C.-W. Shu},
  journal	= {Journal of Computational Physics},
  pages		= {202-228},
  title		= {Efficient Implementation of Weighted ENO Schemes},
  volume	= {126},
  year		= {1996}
}

@Book{		  wilcoxturbulence2006,
  title		= {Turbulence modeling for CFD},
  author	= {Wilcox, David C and others},
  volume	= {2},
  year		= {1998},
  publisher	= {DCW industries La Canada, CA}
}

@InProceedings{	  witkin1999particle,
  title		= {Particle system dynamics},
  author	= {Witkin, Andrew},
  organization	= {Citeseer}
}

@InProceedings{	  xi2014folding,
  title		= {Folding rigid origami with closure constraints},
  author	= {Xi, Zhonghua and Lien, Jyh-Ming},
  booktitle	= {ASME 2014 International Design Engineering Technical
		  Conferences and Computers and Information in Engineering
		  Conference},
  pages		= {V05BT08A052--V05BT08A052},
  year		= {2014},
  organization	= {American Society of Mechanical Engineers}
}

@Article{	  yakhot1986renormalization,
  doi		= {10.1007/bf01061452},
  url		= {https://doi.org/10.1007%2Fbf01061452},
  year		= 1986,
  publisher	= {Springer Nature},
  volume	= {1},
  number	= {1},
  pages		= {3--51},
  author	= {Victor Yakhot and Steven A. Orszag},
  title		= {Renormalization group analysis of turbulence. I. Basic
		  theory},
  journal	= {Journal of Scientific Computing}
}

@Article{	  yano2016,
  title		= {Numerical Archetypal Parameterization for Mesoscale
		  Convective Systems},
  author	= {Yano, Jun-Ichi and Moncrieff, Mitchell W},
  journal	= {Journal of the Atmospheric Sciences},
  volume	= {73},
  number	= {7},
  pages		= {2585--2602},
  year		= {2016}
}

@Article{	  yum2015,
  title		= {Cloud microphysical relationships and their implication on
		  entrainment and mixing mechanism for the stratocumulus
		  clouds measured during the VOCALS project},
  author	= {Yum, Seong Soo and Wang, Jian and Liu, Yangang and Senum,
		  Gunnar and Springston, Stephen and McGraw, Robert and Yeom,
		  Jae Min},
  journal	= {Journal of Geophysical Research: Atmospheres},
  volume	= {120},
  number	= {10},
  pages		= {5047--5069},
  year		= {2015},
  publisher	= {Wiley Online Library}
}

@Article{	  yumhudson2001,
  title		= {Vertical distributions of cloud condensation nuclei
		  spectra over the springtime Arctic Ocean},
  author	= {Yum, Seong Soo and Hudson, James G},
  journal	= {Journal of Geophysical Research: Atmospheres},
  volume	= {106},
  number	= {D14},
  pages		= {15045--15052},
  year		= {2001},
  publisher	= {Wiley Online Library}
}

@Article{	  yumhudson2005,
  title		= {Adiabatic predictions and observations of cloud droplet
		  spectral broadness},
  author	= {Yum, Seong Soo and Hudson, James G},
  journal	= {Atmospheric research},
  volume	= {73},
  number	= {3},
  pages		= {203--223},
  year		= {2005},
  publisher	= {Elsevier}
}

@Article{	  zhan2014initial,
  doi		= {10.3846/16487788.2014.985480},
  url		= {http://dx.doi.org/10.3846/16487788.2014.985480},
  year		= 2014,
  month		= {oct},
  publisher	= {Vilnius Gediminas Technical University},
  volume	= {18},
  number	= {4},
  pages		= {166--173},
  author	= {Yanan Zhan and Li Yu and Xue Yang and Han Cheng},
  title		= {Initial stress correction method for the modeling of
		  folded space inflatable structures},
  journal	= {Aviation}
}

@Article{	  zhang2005airbag,
  doi		= {10.1016/s1007-0214(05)70086-9},
  url		= {http://dx.doi.org/10.1016/s1007-0214(05)70086-9},
  year		= 2005,
  month		= {jun},
  publisher	= {Institute of Electrical and Electronics Engineers
		  ({IEEE})},
  volume	= {10},
  number	= {3},
  pages		= {387--390},
  author	= {Jinhuan Zhang and Chunsheng Ma and Yuanli Bai and Shilin
		  Huang},
  title		= {Airbag mapped mesh auto-flattening method},
  journal	= {Tinshhua Sci. Technol.}
}

@TechReport{	  zhou1964,
  title		= {A STUDY OF THE MICROPHYSICAL MECHANISM OF WARM-CLOUD
		  PRECIPITATION},
  author	= {Hsiu-chi, Chou},
  year		= {1964},
  institution	= {DTIC Document}
}
